@article{pythonemail,
  title={Python lib: email},
  journal={https://docs.python.org/2/library/email.html}
}

@article{htmlparser,
  title={Python lib: HTMLparser},
  journal={https://docs.python.org/2/library/htmlparser.html}
}

@article{mimestandar,
  title={MIME standar},
  journal={https://tools.ietf.org/html/rfc2045}
}

@article{tfidf,
  title={sklearn Tf-Idf},
  journal={http://scikit-learn.org/stable/modules/generated/ \\ sklearn.feature_extraction.text.TfidfVectorizer.html}
}